@article{oshea2016convolutional,
	title={Convolutional Radio Modulation Recognition Networks},
	author={Oshea, Timothy J and Corgan, Johnathan and Clancy, T Charles},
	journal={arXiv: Learning},
	pages={213--226},
	year={2016}}

@book{昌信2006通信原理,
	title={通信原理},
	author={樊昌信，曹丽娜},
	year={2006},
	publisher={国防工业出版社}
}

@book{breiman2017classification,
	title={Classification and regression trees},
	author={Breiman, Leo},
	year={2017},
	publisher={Routledge}
}

@techreport{weaver1969automatic,
	title={THE AUTOMATIC CLASSIFICATION OF MODULATION TYPES BY PATTERN RECOGNITION.},
	author={Weaver, CS and Cole, CA and Krumland, RB and Miller, ML},
	year={1969},
	institution={STANFORD UNIV CALIF STANFORD ELECTRONICS LABS}
}

@article{nandi1995automatic,
	title={Automatic analogue modulation recognition},
	author={Nandi, AK and Azzouz, Elsayed Elsayed},
	journal={Signal processing},
	volume={46},
	number={2},
	pages={211--222},
	year={1995},
	publisher={Elsevier}
}

@inproceedings{le2013building,
	title={Building high-level features using large scale unsupervised learning},
	author={Le, Quoc V},
	booktitle={Acoustics, Speech and Signal Processing (ICASSP), 2013 IEEE International Conference on},
	pages={8595--8598},
	year={2013},
	organization={IEEE}
}

@article{张春磊2013认知电子战初探,
	title={认知电子战初探},
	author={张春磊 and 杨小牛},
	journal={通信对抗},
	number={2},
	pages={1-4},
	year={2013},
}

@article{程汉文2009基于累计量的干扰信号调制识别算法,
	title={基于累计量的干扰信号调制识别算法},
	author={程汉文 and 朱雷 and 吴乐南 and others},
	journal={电子与信息学报},
	volume={31},
	number={7},
	pages={1741--1745},
	year={2009}
}

@article{hinton2006fast,
	title={A fast learning algorithm for deep belief nets},
	author={Hinton, Geoffrey E and Osindero, Simon and Teh, Yee-Whye},
	journal={Neural computation},
	volume={18},
	number={7},
	pages={1527--1554},
	year={2006},
	publisher={MIT Press}
}

@inproceedings{kim1988digital,
	title={Digital modulation classification: the BPSK versus QPSK case},
	author={Kim, Kiseon and Polydoros, Andreas},
	booktitle={Military Communications Conference, 1988. MILCOM 88, Conference record. 21st Century Military Communications-What's Possible? 1988 IEEE},
	pages={431--436},
	year={1988},
	organization={IEEE}
}

@inproceedings{hwang1991advanced,
	title={Advanced methods for digital quadrature and offset modulation classification},
	author={Hwang, CY and Polydoros, A},
	booktitle={Military Communications Conference, 1991. MILCOM'91, Conference Record, Military Communications in a Changing World., IEEE},
	pages={841--845},
	year={1991},
	organization={IEEE}
}

@ARTICLE{380199, 
	author={Chung-Yu Huan and A. Polydoros}, 
	journal={IEEE Transactions on Communications}, 
	title={Likelihood methods for MPSK modulation classification}, 
	year={1995}, 
	volume={43}, 
	number={2/3/4}, 
	pages={1493-1504}, 
	keywords={Gaussian noise;approximation theory;function approximation;phase shift keying;signal processing;white noise;MPSK;additive white Gaussian noise;classification algorithms;classifier complexity;likelihood methods;modulation classification;optimal LF classifier;performance;quasi-log-likelihood-ratio classifier;recursive algorithms;single-term approximation;two-dimensional signal constellations;Additive white noise;Classification algorithms;Constellation diagram;Low-frequency noise;Performance analysis;Signal generators}, 
	doi={10.1109/26.380199}, 
	ISSN={0090-6778}, 
	month={Feb},}

@INPROCEEDINGS{644992, 
	author={C. Schreyogg and J. Reichert}, 
	booktitle={MILCOM 97 MILCOM 97 Proceedings}, 
	title={Modulation classification of QAM schemes using the DFT of phase histogram combined with modulus information}, 
	year={1997}, 
	volume={3}, 
	number={}, 
	pages={1372-1376 vol.3}, 
	keywords={discrete Fourier transforms;maximum likelihood estimation;pattern classification;phase shift keying;quadrature amplitude modulation;quadrature phase shift keying;16QAM;8-PSK;BPSK;DFT;QAM schemes;QPSK;V.29;V.29F 8QAM;V.29Fallback;V.32F 16QAM;V.32Fallback signals;maximum likelihood;modulation classification;modulus information;phase histogram;signal constellations;Binary phase shift keying;Discrete Fourier transforms;Frequency estimation;Histograms;Maximum likelihood estimation;Quadrature amplitude modulation;Sensor systems;Signal analysis;Statistical analysis;Testing}, 
	doi={10.1109/MILCOM.1997.644992}, 
	ISSN={}, 
	month={Nov},}

@article{wei2000maximum,
	title={Maximum-likelihood classification for digital amplitude-phase modulations},
	author={Wei, Wen and Mendel, Jerry M},
	journal={IEEE transactions on Communications},
	volume={48},
	number={2},
	pages={189--193},
	year={2000},
	publisher={IEEE}
}

@inproceedings{boiteau1998general,
	title={A general maximum likelihood framework for modulation classification},
	author={Boiteau, Denys and Le Martret, C},
	booktitle={Acoustics, Speech and Signal Processing, 1998. Proceedings of the 1998 IEEE International Conference on},
	volume={4},
	pages={2165--2168},
	year={1998},
	organization={IEEE}
}

@article{liedtke1984computer,
	title={Computer simulation of an automatic classification procedure for digitally modulated communication signals with unknown parameters},
	author={Liedtke, FF},
	journal={Signal processing},
	volume={6},
	number={4},
	pages={311--323},
	year={1984},
	publisher={Elsevier}
}

@article{azzouz1995automatic,
	title={Automatic identification of digital modulation types},
	author={Azzouz, Elsayed Elsayed and Nandi, Asoke K},
	journal={Signal Processing},
	volume={47},
	number={1},
	pages={55--69},
	year={1995},
	publisher={Elsevier}
}

@inproceedings{wong2001automatic,
	title={Automatic digital modulation recognition using spectral and statistical features with multi-layer perceptrons},
	author={Wong, ML Dennis and Nandi, Asoke K},
	booktitle={Signal Processing and its Applications, Sixth International, Symposium on. 2001},
	volume={2},
	pages={390--393},
	year={2001},
	organization={IEEE}
}

@inproceedings{reichert1992automatic,
	title={Automatic classification of communication signals using higher order statistics},
	author={Reichert, Juergen},
	booktitle={Acoustics, Speech, and Signal Processing, 1992. ICASSP-92., 1992 IEEE International Conference on},
	volume={5},
	pages={221--224},
	year={1992},
	organization={IEEE}
}

@article{swami2000hierarchical,
	title={Hierarchical digital modulation classification using cumulants},
	author={Swami, Ananthram and Sadler, Brian M},
	journal={IEEE Transactions on communications},
	volume={48},
	number={3},
	pages={416--429},
	year={2000},
	publisher={IEEE}
}

@article{feichtenhofer2016convolutional,
	title={Convolutional two-stream network fusion for video action recognition},
	author={Feichtenhofer, Christoph and Pinz, Axel and Zisserman, AP},
	year={2016}
}

@book{nielsen2015neural,
	title={Neural networks and deep learning},
	author={Nielsen, Michael A},
	year={2015},
	publisher={Determination Press}
}

@inproceedings{simonyan2014two,
	title={Two-stream convolutional networks for action recognition in videos},
	author={Simonyan, Karen and Zisserman, Andrew},
	booktitle={Advances in neural information processing systems},
	pages={568--576},
	year={2014}
}

@article{mobasseri2000digital,
	title={Digital modulation classification using constellation shape},
	author={Mobasseri, Bijan G},
	journal={Signal processing},
	volume={80},
	number={2},
	pages={251--277},
	year={2000},
	publisher={Elsevier}
}

@inproceedings{mobasseri1999constellation,
	title={Constellation shape as a robust signature for digital modulation recognition},
	author={Mobasseri, Bijan G},
	booktitle={Military Communications Conference Proceedings, 1999. MILCOM 1999. IEEE},
	volume={1},
	pages={442--446},
	year={1999},
	organization={IEEE}
}

@inproceedings{o2016convolutional,
	title={Convolutional radio modulation recognition networks},
	author={O’Shea, Timothy J and Corgan, Johnathan and Clancy, T Charles},
	booktitle={International Conference on Engineering Applications of Neural Networks},
	pages={213--226},
	year={2016},
	organization={Springer}
}

@inproceedings{o2016radio,
	title={Radio machine learning dataset generation with gnu radio},
	author={O'Shea, Timothy J and West, Nathan},
	booktitle={Proceedings of the GNU Radio Conference},
	volume={1},
	number={1},
	year={2016}
}

@article{schmidt2017wireless,
	title={Wireless interference identification with convolutional neural networks},
	author={Schmidt, Malte and Block, Dimitri and Meier, Uwe},
	journal={arXiv preprint arXiv:1703.00737},
	year={2017}
}

@inproceedings{mendis2016deep,
	title={Deep learning-based automated modulation classification for cognitive radio},
	author={Mendis, Gihan J and Wei, Jin and Madanayake, Arjuna},
	booktitle={Communication Systems (ICCS), 2016 IEEE International Conference on},
	pages={1--6},
	year={2016},
	organization={IEEE}
}

@article{rosenblatt1958perceptron,
	title={The perceptron: a probabilistic model for information storage and organization in the brain.},
	author={Rosenblatt, Frank},
	journal={Psychological review},
	volume={65},
	number={6},
	pages={386},
	year={1958},
	publisher={American Psychological Association}
}

@techreport{rosenblatt1961principles,
	title={Principles of neurodynamics. perceptrons and the theory of brain mechanisms},
	author={Rosenblatt, Frank},
	year={1961},
	institution={CORNELL AERONAUTICAL LAB INC BUFFALO NY}
}
@techreport{rumelhart1985learning,
	title={Learning internal representations by error propagation},
	author={Rumelhart, David E and Hinton, Geoffrey E and Williams, Ronald J},
	year={1985},
	institution={California Univ San Diego La Jolla Inst for Cognitive Science}
}

@article{rumelhart1986learning,
	title={Learning representations by back-propagating errors},
	author={Rumelhart, David E and Hinton, Geoffrey E and Williams, Ronald J},
	journal={nature},
	volume={323},
	number={6088},
	pages={533},
	year={1986},
	publisher={Nature Publishing Group}
}

@article{lecun1989backpropagation,
	title={Backpropagation applied to handwritten zip code recognition},
	author={LeCun, Yann and Boser, Bernhard and Denker, John S and Henderson, Donnie and Howard, Richard E and Hubbard, Wayne and Jackel, Lawrence D},
	journal={Neural computation},
	volume={1},
	number={4},
	pages={541--551},
	year={1989},
	publisher={MIT Press}
}

@article{ali2017automatic,
	title={Automatic Modulation Classification Using Deep Learning Based on Sparse Autoencoders With Nonnegativity Constraints},
	author={Ali, Afan and Yangyu, Fan},
	journal={IEEE Signal Processing Letters},
	volume={24},
	number={11},
	pages={1626--1630},
	year={2017},
	publisher={IEEE}
}

@article{rajendran2017distributed,
	title={Distributed deep learning models for wireless signal classification with low-cost spectrum sensors},
	author={Rajendran, Sreeraj and Meert, Wannes and Giustiniano, Domenico and Lenders, Vincent and Pollin, Sofie},
	journal={arXiv preprint arXiv:1707.08908},
	year={2017}
}

@ARTICLE{8319926, 
	author={B. Tang and Y. Tu and S. Zhang and Y. Lin}, 
	journal={IEEE Access}, 
	title={Digital Signal Modulation Classification with Data Aug-mentation Using Generative Adversarial Nets in Cogni-tive Radio Networks}, 
	year={2018}, 
	volume={PP}, 
	number={99}, 
	pages={1-1}, 
	keywords={Constellation diagram;Gallium nitride;Image color analysis;Phase shift keying;Signal to noise ratio;Training;Classification Algorithms;Cognitive Radio;Convolutional Networks;Deep Learning;Generative Adversarial Net;Modulation Recognition;Pattern Recognition}, 
	doi={10.1109/ACCESS.2018.2815741}, 
	ISSN={}, 
	month={},}

@inproceedings{gardner1988cyclic,
	title={Cyclic spectral analysis for signal detection and modulation recognition},
	author={Gardner, William A and Spooner, Chad M},
	booktitle={Military Communications Conference, 1988. MILCOM 88, Conference record. 21st Century Military Communications-What's Possible? 1988 IEEE},
	pages={419--424},
	year={1988},
	organization={IEEE}
}

@article{goodfellow2016deep,
	title={Deep learning. Book in preparation for MIT Press},
	author={Goodfellow, Ian and Bengio, Yoshua and Courville, Aaron},
	journal={URL!` http://www. deeplearningbook. org},
	year={2016}
}

@article{lecun2015deep,
	title={Deep learning},
	author={LeCun, Yann and Bengio, Yoshua and Hinton, Geoffrey},
	journal={nature},
	volume={521},
	number={7553},
	pages={436},
	year={2015},
	publisher={Nature Publishing Group}
}

@article{nasrabadi2007pattern,
	title={Pattern recognition and machine learning},
	author={Nasrabadi, Nasser M},
	journal={Journal of electronic imaging},
	volume={16},
	number={4},
	pages={049901},
	year={2007},
	publisher={International Society for Optics and Photonics}
}

@article{bengio2009learning,
	title={Learning deep architectures for AI},
	author={Bengio, Yoshua and others},
	journal={Foundations and trends{\textregistered} in Machine Learning},
	volume={2},
	number={1},
	pages={1--127},
	year={2009},
	publisher={Now Publishers, Inc.}
}

@article{breiman1996bagging,
	title={Bagging predictors},
	author={Breiman, Leo},
	journal={Machine learning},
	volume={24},
	number={2},
	pages={123--140},
	year={1996},
	publisher={Springer}
}
@article{freund1999short,
	title={A short introduction to boosting},
	author={Freund, Yoav and Schapire, Robert and Abe, Naoki},
	journal={Journal-Japanese Society For Artificial Intelligence},
	volume={14},
	number={771-780},
	pages={1612},
	year={1999},
	publisher={JAPANESE SOC ARTIFICIAL INTELL}
}

@inproceedings{freund1996experiments,
	title={Experiments with a new boosting algorithm},
	author={Freund, Yoav and Schapire, Robert E and others},
	booktitle={Icml},
	volume={96},
	pages={148--156},
	year={1996},
	organization={Bari, Italy}
}

@article{liaw2002classification,
	title={Classification and regression by randomForest},
	author={Liaw, Andy and Wiener, Matthew and others},
	journal={R news},
	volume={2},
	number={3},
	pages={18--22},
	year={2002}
}

@book{周志华2016机器学习,
	title={机器学习},
	author={周志华},
	year={2016},
	publisher={Qing hua da xue chu ban she}
}

@book{杨杰2014通信信号调制识别,
	title={通信信号调制识别: 原理与算法},
	author={杨杰},
	year={2014},
	publisher={人民邮电出版社}
}

@mastersthesis{汤卫东2010基于小波变换的数字通信信号调制识别研究,
	author={汤卫东},
	title={基于小波变换的数字通信信号调制识别研究},
	school={西安电子科技大学},
	year={2010},
	type={硕士论文},
	month={7},
}

@phdthesis{杨发权2015无线通信信号调制识别关键技术与理论研究,
	author={杨发权},
	title={无线通信信号调制识别关键技术与理论研究},
	school={西安电子科技大学},
	year={2015},
	type={博士论文},
	month={5},
}

@article{刘渭滨2017模式分类中的特征融合方法,
	title={模式分类中的特征融合方法},
	author={刘渭滨 and 邹智元 and 邢薇薇},
	journal={北京邮电大学学报},
	volume={40},
	number={4},
	pages={1-8},
	year={2017},
}

@article{张利2017基于高阶累积量的调制识别算法的研究,
	author={张利 and 李青},
	title={基于高阶累积量的调制识别算法的研究},
	journal={信息工程大学学报},
	year={2017},
	number={4},
	pages={403-408},
	month={1},
}

@phdthesis{汤卫东2010基于小波变换的数字通信信号调制识别研究,
	title={基于小波变换的数字通信信号调制识别研究},
	author={汤卫东},
	school={西安电子科技大学},
	year={2010},
}

@article{马永军2017一种基于深度学习模型的数据融合处理算法,
	title={一种基于深度学习模型的数据融合处理算法},
	author={马永军 and 薛永浩 and 刘洋 and 李亚军},
	journal={天津科技大学学报},
	volume={32},
	number={4},
	pages={71--74},
	year={2017}
}

@mastersthesis{于政委2017基于多特征融合的调制模式识别研究,
	title={基于多特征融合的调制模式识别研究},
	author={于政委},
	year={2017},
	school={西南科技大学}
}

@article{陆凤波2008一种基于高阶累积量的数字调相信号识别方法,
	author={陆凤波 and 黄知涛 and 易辉荣 and 姜文利},
	title={一种基于高阶累积量的数字调相信号识别方法},
	journal={系统工程与电子技术},
	year={2008},
	number={9},
	pages={1611-1615},
	month={12},
}

@article{赵雄文2016基于高阶累积量和循环谱的信号调制方式混合识别算法,
	author={赵雄文 and 郭春霞 and 李景春},
	title={基于高阶累积量和循环谱的信号调制方式混合识别算法},
	journal={电子与信息学报},
	year={2016},
	number={3},
	pages={674-680},
	month={4},
}

@article{韩钢2003基于高阶累积量和支撑矢量机的调制识别研究,
	author={韩钢 and 张文红 and 李建东 and 陈彦辉},
	title={基于高阶累积量和支撑矢量机的调制识别研究},
	journal={系统工程与电子技术},
	year={2003},
	number={8},
	pages={1007-1011},
	month={9},
}

@article{李世平2011基于小波和高阶累积量的数字调制识别算法,
	author={李世平 and 陈方超},
	title={基于小波和高阶累积量的数字调制识别算法},
	journal={计算机应用},
	year={2011},
	number={11},
	pages={2926-2928,2935},
	month={3},
}

@mastersthesis{王维智2015基于特征提取和特征选择的级联深度学习模型研究,
	title={基于特征提取和特征选择的级联深度学习模型研究},
	author={王维智},
	year={2015},
	school={万方数据资源系统}
}


@phdthesis{刘明骞2013非合作通信中信号检测及调制识别的关键技术研究,
	title={非合作通信中信号检测及调制识别的关键技术研究},
	author={刘明骞},
	year={2013},
	school={万方数据资源系统}
}

@inproceedings{kim2007cyclostationary,
	title={Cyclostationary approaches to signal detection and classification in cognitive radio},
	author={Kim, Kyouwoong and Akbar, Ihsan A and Bae, Kyung K and Um, Jung-Sun and Spooner, Chad M and Reed, Jeffrey H},
	booktitle={New frontiers in dynamic spectrum access networks, 2007. DySPAN 2007. 2nd IEEE international symposium on},
	pages={212--215},
	year={2007},
	organization={IEEE}
}

@article{sutton2008cyclostationary,
	title={Cyclostationary signatures in practical cognitive radio applications},
	author={Sutton, Paul D and Nolan, Keith E and Doyle, Linda E},
	journal={IEEE Journal on selected areas in Communications},
	volume={26},
	number={1},
	year={2008},
	publisher={IEEE}
}

@inproceedings{peng2017modulation,
	title={Modulation classification using convolutional Neural Network based deep learning model},
	author={Peng, Shengliang and Jiang, Hanyu and Wang, Huaxia and Alwageed, Hathal and Yao, Yu-Dong},
	booktitle={Wireless and Optical Communication Conference (WOCC), 2017 26th},
	pages={1--5},
	year={2017},
	organization={IEEE}
}

@article{ali2017unsupervised,
	title={Unsupervised feature learning and automatic modulation classification using deep learning model},
	author={Ali, Afan and Yangyu, Fan},
	journal={Physical Communication},
	volume={25},
	pages={75--84},
	year={2017},
	publisher={Elsevier}
}

@article{wong2004automatic,
	title={Automatic digital modulation recognition using artificial neural network and genetic algorithm},
	author={Wong, ML Dennis and Nandi, Asoke K},
	journal={Signal Processing},
	volume={84},
	number={2},
	pages={351--365},
	year={2004},
	publisher={Elsevier}
}

@inproceedings{mustafa2004digital,
	title={Digital modulation recognition using support vector machine classifier},
	author={Mustafa, Hussam and Doroslovacki, Milos},
	booktitle={Signals, Systems and Computers, 2004. Conference Record of the Thirty-Eighth Asilomar Conference on},
	volume={2},
	pages={2238--2242},
	year={2004},
	organization={IEEE}
}

@inproceedings{boudreau2000fast,
	title={A fast automatic modulation recognition algorithm and its implementation in a spectrum monitoring application},
	author={Boudreau, Daniel and Dubuc, Christian and Patenaude, Francois and Dufour, Martial and Lodge, John and Inkol, Robert},
	booktitle={MILCOM 2000. 21st Century Military Communications Conference Proceedings},
	volume={2},
	pages={732--736},
	year={2000},
	organization={IEEE}
}

@article{nandi1998algorithms,
	title={Algorithms for automatic modulation recognition of communication signals},
	author={Nandi, Asoke K and Azzouz, Elsayed Elsayed},
	journal={IEEE Transactions on communications},
	volume={46},
	number={4},
	pages={431--436},
	year={1998},
	publisher={IEEE}
}

@inproceedings{maas2013rectifier,
	title={Rectifier nonlinearities improve neural network acoustic models},
	author={Maas, Andrew L and Hannun, Awni Y and Ng, Andrew Y},
	booktitle={Proc. icml},
	volume={30},
	number={1},
	pages={3},
	year={2013}
}

@inproceedings{glorot2011deep,
	title={Deep sparse rectifier neural networks},
	author={Glorot, Xavier and Bordes, Antoine and Bengio, Yoshua},
	booktitle={Proceedings of the Fourteenth International Conference on Artificial Intelligence and Statistics},
	pages={315--323},
	year={2011}
}

@inproceedings{krizhevsky2012imagenet,
	title={Imagenet classification with deep convolutional neural networks},
	author={Krizhevsky, Alex and Sutskever, Ilya and Hinton, Geoffrey E},
	booktitle={Advances in neural information processing systems},
	pages={1097--1105},
	year={2012}
}

@inproceedings{saxe2011random,
	title={On Random Weights and Unsupervised Feature Learning.},
	author={Saxe, Andrew M and Koh, Pang Wei and Chen, Zhenghao and Bhand, Maneesh and Suresh, Bipin and Ng, Andrew Y},
	booktitle={ICML},
	pages={1089--1096},
	year={2011}
}

@article{kingma2014adam,
	title={Adam: A method for stochastic optimization},
	author={Kingma, Diederik P and Ba, Jimmy},
	journal={arXiv preprint arXiv:1412.6980},
	year={2014}
}

@incollection{bottou2010large,
	title={Large-scale machine learning with stochastic gradient descent},
	author={Bottou, L{\'e}on},
	booktitle={Proceedings of COMPSTAT'2010},
	pages={177--186},
	year={2010},
	publisher={Springer}
}

@article{ruder2016overview,
	title={An overview of gradient descent optimization algorithms},
	author={Ruder, Sebastian},
	journal={arXiv preprint arXiv:1609.04747},
	year={2016}
}

@article{tieleman2012lecture,
	title={Lecture 6.5-rmsprop: Divide the gradient by a running average of its recent magnitude},
	author={Tieleman, Tijmen and Hinton, Geoffrey},
	journal={COURSERA: Neural networks for machine learning},
	volume={4},
	number={2},
	pages={26--31},
	year={2012}
}

@article{schaul2013unit,
	title={Unit tests for stochastic optimization},
	author={Schaul, Tom and Antonoglou, Ioannis and Silver, David},
	journal={arXiv preprint arXiv:1312.6055},
	year={2013}
}

@article{rumelhart1986learning,
	title={Learning representations by back-propagating errors},
	author={Rumelhart, David E and Hinton, Geoffrey E and Williams, Ronald J},
	journal={nature},
	volume={323},
	number={6088},
	pages={533},
	year={1986},
	publisher={Nature Publishing Group}
}

@inproceedings{deng2009imagenet,
	title={Imagenet: A large-scale hierarchical image database},
	author={Deng, Jia and Dong, Wei and Socher, Richard and Li, Li-Jia and Li, Kai and Fei-Fei, Li},
	booktitle={Computer Vision and Pattern Recognition, 2009. CVPR 2009. IEEE Conference on},
	pages={248--255},
	year={2009},
	organization={IEEE}
}

@ARTICLE{8038046, 
author={A. Ali and F. Yangyu}, 
journal={IEEE Signal Processing Letters}, 
title={Automatic Modulation Classification Using  Based on Sparse Autoencoders With Nonnegativity Constraints}, 
year={2017}, 
volume={24}, 
number={11}, 
pages={1626-1630}, 
keywords={higher order statistics;learning (artificial intelligence);modulation;signal classification;signal reconstruction;ANC;autoencoder with nonnegativity constraint;automatic modulation classification;deep learning autoencoder network;fading channel;fourth-order cumulants;modulated signals;negative weights;part-based data representation;reconstruction error minimization;signal length;sparse autoencoders;Cost function;Fading channels;Feature extraction;Machine learning;Modulation;Signal processing algorithms;Training;Autoencoder;automatic modulation classification;cumulants;deep learning networks;nonnegativity constraints}, 
doi={10.1109/LSP.2017.2752459}, 
ISSN={1070-9908}, 
month={Nov},}

@inproceedings{sainath2015convolutional,
	title={Convolutional, long short-term memory, fully connected deep neural networks},
	author={Sainath, Tara N and Vinyals, Oriol and Senior, Andrew and Sak, Ha{\c{s}}im},
	booktitle={Acoustics, Speech and Signal Processing (ICASSP), 2015 IEEE International Conference on},
	pages={4580--4584},
	year={2015},
	organization={IEEE}
}

@inproceedings{west2017deep,
	title={Deep architectures for modulation recognition},
	author={West, Nathan E and O'Shea, Tim},
	booktitle={Dynamic Spectrum Access Networks (DySPAN), 2017 IEEE International Symposium on},
	pages={1--6},
	year={2017},
	organization={IEEE}
}s

@inproceedings{mendis2017deep,
	title={Deep belief network for automated modulation classification in cognitive radio},
	author={Mendis, Gihan J and Wei, Jin and Madanayake, Arjuna},
	booktitle={Cognitive Communications for Aerospace Applications Workshop (CCAA), 2017},
	pages={1--5},
	year={2017},
	organization={IEEE}
}

@article{o2017deep,
	title={Deep learning based MIMO communications},
	author={O'Shea, Timothy J and Erpek, Tugba and Clancy, T Charles},
	journal={arXiv preprint arXiv:1707.07980},
	year={2017}
}

@inproceedings{he2016deep,
	title={Deep residual learning for image recognition},
	author={He, Kaiming and Zhang, Xiangyu and Ren, Shaoqing and Sun, Jian},
	booktitle={Proceedings of the IEEE conference on computer vision and pattern recognition},
	pages={770--778},
	year={2016}
}


@article{rajendran2017distributed,
	title={Distributed deep learning models for wireless signal classification with low-cost spectrum sensors},
	author={Rajendran, Sreeraj and Meert, Wannes and Giustiniano, Domenico and Lenders, Vincent and Pollin, Sofie},
	journal={arXiv preprint arXiv:1707.08908},
	year={2017}
}

@inproceedings{szegedy2015going,
	title={Going deeper with convolutions},
	author={Szegedy, Christian and Liu, Wei and Jia, Yangqing and Sermanet, Pierre and Reed, Scott and Anguelov, Dragomir and Erhan, Dumitru and Vanhoucke, Vincent and Rabinovich, Andrew},
	pages={1-9},
	year={2014},
}

@article{migliori2016biologically,
	title={Biologically inspired radio signal feature extraction with sparse denoising autoencoders},
	author={Migliori, Benjamin and Zeller-Townson, Riley and Grady, Daniel and Gebhardt, Daniel},
	journal={arXiv preprint arXiv:1605.05239},
	year={2016}
}
@inproceedings{sainath2015learning,
	title={Learning the speech front-end with raw waveform CLDNNs},
	author={Sainath, Tara N and Weiss, Ron J and Senior, Andrew and Wilson, Kevin W and Vinyals, Oriol},
	booktitle={Sixteenth Annual Conference of the International Speech Communication Association},
	year={2015}
}

@InProceedings{Szegedy_2015_CVPR,
	author = {Szegedy, Christian and Liu, Wei and Jia, Yangqing and Sermanet, Pierre and Reed, Scott and Anguelov, Dragomir and Erhan, Dumitru and Vanhoucke, Vincent and Rabinovich, Andrew},
	title = {Going Deeper With Convolutions},
	booktitle = {The IEEE Conference on Computer Vision and Pattern Recognition (CVPR)},
	month = {June},
	year = {2015}
}

@inproceedings{osako2015complex,
	title={Complex recurrent neural networks for denoising speech signals},
	author={Osako, Keiichi and Singh, Rita and Raj, Bhiksha},
	booktitle={Applications of Signal Processing to Audio and Acoustics (WASPAA), 2015 IEEE Workshop on},
	pages={1--5},
	year={2015},
	organization={IEEE}
}

@inproceedings{gupta2015learning,
	title={Learning structure in gene expression data using deep architectures, with an application to gene clustering},
	author={Gupta, Aman and Wang, Haohan and Ganapathiraju, Madhavi},
	booktitle={Bioinformatics and Biomedicine (BIBM), 2015 IEEE International Conference on},
	pages={1328--1335},
	year={2015},
	organization={IEEE}
}

@article{gatys2015neural,
	title={A neural algorithm of artistic style},
	author={Gatys, Leon A and Ecker, Alexander S and Bethge, Matthias},
	journal={arXiv preprint arXiv:1508.06576},
	year={2015}
}

@inproceedings{o2016radio,
	title={Radio machine learning dataset generation with gnu radio},
	author={O'Shea, Timothy J and West, Nathan},
	booktitle={Proceedings of the GNU Radio Conference},
	volume={1},
	number={1},
	year={2016}
}

@inproceedings{szegedy2016rethinking,
	title={Rethinking the  architecture for computer vision},
	author={Szegedy, Christian and Vanhoucke, Vincent and Ioffe, Sergey and Shlens, Jon and Wojna, Zbigniew},
	booktitle={Proceedings of the IEEE Conference on Computer Vision and Pattern Recognition},
	pages={2818--2826},
	year={2016}
}

@inproceedings{o2017semi,
	title={Semi-supervised radio signal identification},
	author={O'Shea, Timothy J and West, Nathan and Vondal, Matthew and Clancy, T Charles},
	booktitle={Advanced Communication Technology (ICACT), 2017 19th International Conference on},
	pages={33--38},
	year={2017},
	organization={IEEE}
}

@article{kato2017deep,
	title={The deep learning vision for heterogeneous network traffic control: proposal, challenges, and future perspective},
	author={Kato, Nei and Fadlullah, Zubair Md and Mao, Bomin and Tang, Fengxiao and Akashi, Osamu and Inoue, Takeru and Mizutani, Kimihiro},
	journal={IEEE wireless communications},
	volume={24},
	number={3},
	pages={146--153},
	year={2017},
	publisher={IEEE}
}

@article{schmidt2017wireless,
	title={Wireless interference identification with convolutional neural networks},
	author={Schmidt, Malte and Block, Dimitri and Meier, Uwe},
	journal={arXiv preprint arXiv:1703.00737},
	year={2017}
}



